%% This BibTeX bibliography file was created using BibDesk.
%% http://bibdesk.sourceforge.net/


%% Created for Ondrej Rypacek at 2012-01-07 19:21:41 +0000 


%% Saved with string encoding Unicode (UTF-8) 



@article{licata:2011,
	Author = {Daniel R. Licata and Robert Harper},
	Bibsource = {DBLP, http://dblp.uni-trier.de},
	Date-Added = {2012-01-07 19:17:47 +0000},
	Date-Modified = {2012-01-07 19:17:50 +0000},
	Ee = {http://dx.doi.org/10.1016/j.entcs.2011.09.026},
	Journal = {Electr. Notes Theor. Comput. Sci.},
	Pages = {263-289},
	Title = {2-Dimensional Directed Type Theory},
	Volume = {276},
	Year = {2011},
	Bdsk-File-1 = {YnBsaXN0MDDUAQIDBAUIJidUJHRvcFgkb2JqZWN0c1gkdmVyc2lvblkkYXJjaGl2ZXLRBgdUcm9vdIABqAkKFRYXGyIjVSRudWxs0wsMDQ4RFFpOUy5vYmplY3RzV05TLmtleXNWJGNsYXNzog8QgASABqISE4ACgAOAB1lhbGlhc0RhdGFccmVsYXRpdmVQYXRo0hgNGRpXTlMuZGF0YU8RAe4AAAAAAe4AAgAADE1hY2ludG9zaCBIRAAAAAAAAAAAAAAAAAAAAMfUpeFIKwAAARqBcx8yLURpbWVuc2lvbmFsIERpcmVjIzExQTgxNEQucGRmAAAAAAAAAAAAAAAAAAAAAAAAAAAAAAAAAAAAAAAAAAABGoFNyy5LZwAAAAAAAAAAAAQABAAACSAAAAAAAAAAAAAAAAAAAAAGTGljYXRhABAACAAAx9SX0QAAABEACAAAyy5LZwAAAAEAFAEagXMAGggWAAhLlwAIS4oAAJLzAAIATk1hY2ludG9zaCBIRDpVc2VyczpveHI6RG9jdW1lbnRzOlBhcGVyczpMaWNhdGE6Mi1EaW1lbnNpb25hbCBEaXJlYyMxMUE4MTRELnBkZgAOAE4AJgAyAC0ARABpAG0AZQBuAHMAaQBvAG4AYQBsACAARABpAHIAZQBjAHQAZQBkACAAVAB5AHAAZQAgAFQAaABlAG8AcgB5AC4AcABkAGYADwAaAAwATQBhAGMAaQBuAHQAbwBzAGgAIABIAEQAEgBIVXNlcnMvb3hyL0RvY3VtZW50cy9QYXBlcnMvTGljYXRhLzItRGltZW5zaW9uYWwgRGlyZWN0ZWQgVHlwZSBUaGVvcnkucGRmABMAAS8AABUAAgAK//8AAIAF0hwdHh9YJGNsYXNzZXNaJGNsYXNzbmFtZaMfICFdTlNNdXRhYmxlRGF0YVZOU0RhdGFYTlNPYmplY3RfEEouLi8uLi8uLi8uLi9Eb2N1bWVudHMvUGFwZXJzL0xpY2F0YS8yLURpbWVuc2lvbmFsIERpcmVjdGVkIFR5cGUgVGhlb3J5LnBkZtIcHSQloiUhXE5TRGljdGlvbmFyeRIAAYagXxAPTlNLZXllZEFyY2hpdmVyAAgAEQAWAB8AKAAyADUAOgA8AEUASwBSAF0AZQBsAG8AcQBzAHYAeAB6AHwAhgCTAJgAoAKSApQCmQKiAq0CsQK/AsYCzwMcAyEDJAMxAzYAAAAAAAACAQAAAAAAAAAoAAAAAAAAAAAAAAAAAAADSA==}}

@misc{berg08:types-are,
	Author = {Benno Van Den Berg and Richard Garner},
	Date-Added = {2012-01-07 19:08:57 +0000},
	Date-Modified = {2012-01-07 19:08:57 +0000},
	Keywords = {omega , homotopy-type-theory},
	Title = {Types are weak Ï‰-groupoids},
	Year = {2008},
	Bdsk-File-1 = {YnBsaXN0MDDUAQIDBAUIJidUJHRvcFgkb2JqZWN0c1gkdmVyc2lvblkkYXJjaGl2ZXLRBgdUcm9vdIABqAkKFRYXGyIjVSRudWxs0wsMDQ4RFFpOUy5vYmplY3RzV05TLmtleXNWJGNsYXNzog8QgASABqISE4ACgAOAB1lhbGlhc0RhdGFccmVsYXRpdmVQYXRo0hgNGRpXTlMuZGF0YU8RAc4AAAAAAc4AAgAADE1hY2ludG9zaCBIRAAAAAAAAAAAAAAAAAAAAMfUpeFIKwAAADsczhpUeXBlcyBhcmUgd2VhayAjM0IxQzcxLnBkZgAAAAAAAAAAAAAAAAAAAAAAAAAAAAAAAAAAAAAAAAAAAAAAAAAAOxxxyOnPWQAAAAAAAAAAAAQABAAACSAAAAAAAAAAAAAAAAAAAAAEQmVyZwAQAAgAAMfUl9EAAAARAAgAAMjpwUkAAAABABQAOxzOABoIFgAIS5cACEuKAACS8wACAEdNYWNpbnRvc2ggSEQ6VXNlcnM6b3hyOkRvY3VtZW50czpQYXBlcnM6QmVyZzpUeXBlcyBhcmUgd2VhayAjM0IxQzcxLnBkZgAADgA+AB4AVAB5AHAAZQBzACAAYQByAGUAIAB3AGUAYQBrACADyQAtAGcAcgBvAHUAcABvAGkAZABzAC4AcABkAGYADwAaAAwATQBhAGMAaQBuAHQAbwBzAGgAIABIAEQAEgA/VXNlcnMvb3hyL0RvY3VtZW50cy9QYXBlcnMvQmVyZy9UeXBlcyBhcmUgd2VhayDPiS1ncm91cG9pZHMucGRmAAATAAEvAAAVAAIACv//AACABdIcHR4fWCRjbGFzc2VzWiRjbGFzc25hbWWjHyAhXU5TTXV0YWJsZURhdGFWTlNEYXRhWE5TT2JqZWN0bxBAAC4ALgAvAC4ALgAvAC4ALgAvAC4ALgAvAEQAbwBjAHUAbQBlAG4AdABzAC8AUABhAHAAZQByAHMALwBCAGUAcgBnAC8AVAB5AHAAZQBzACAAYQByAGUAIAB3AGUAYQBrACADyQAtAGcAcgBvAHUAcABvAGkAZABzAC4AcABkAGbSHB0kJaIlIVxOU0RpY3Rpb25hcnkSAAGGoF8QD05TS2V5ZWRBcmNoaXZlcgAIABEAFgAfACgAMgA1ADoAPABFAEsAUgBdAGUAbABvAHEAcwB2AHgAegB8AIYAkwCYAKACcgJ0AnkCggKNApECnwKmAq8DMgM3AzoDRwNMAAAAAAAAAgEAAAAAAAAAKAAAAAAAAAAAAAAAAAAAA14=}}

@article{batanin98:monoidal-globular,
	Author = {Michael Batanin},
	Date-Added = {2012-01-07 19:08:57 +0000},
	Date-Modified = {2012-01-07 19:08:57 +0000},
	Journal = {Advances in Mathematics},
	Keywords = {omega},
	Pages = {39-103},
	Title = {Monoidal globular categories as natural environment for the theory of weak n-categories},
	Volume = {136},
	Year = {1998},
	Bdsk-File-1 = {YnBsaXN0MDDUAQIDBAUIJidUJHRvcFgkb2JqZWN0c1gkdmVyc2lvblkkYXJjaGl2ZXLRBgdUcm9vdIABqAkKFRYXGyIjVSRudWxs0wsMDQ4RFFpOUy5vYmplY3RzV05TLmtleXNWJGNsYXNzog8QgASABqISE4ACgAOAB1lhbGlhc0RhdGFccmVsYXRpdmVQYXRo0hgNGRpXTlMuZGF0YU8RAiYAAAAAAiYAAgAADE1hY2ludG9zaCBIRAAAAAAAAAAAAAAAAAAAAMfUpeFIKwAAAIgsWR9Nb25vaWRhbCBnbG9idWxhciBjYSMxQTI3MzcucGRmAAAAAAAAAAAAAAAAAAAAAAAAAAAAAAAAAAAAAAAAAAAAGic3yAX35gAAAAAAAAAAAAQABAAACSAAAAAAAAAAAAAAAAAAAAAHQmF0YW5pbgAAEAAIAADH1JfRAAAAEQAIAADIBenWAAAAAQAUAIgsWQAaCBYACEuXAAhLigAAkvMAAgBPTWFjaW50b3NoIEhEOlVzZXJzOm94cjpEb2N1bWVudHM6UGFwZXJzOkJhdGFuaW46TW9ub2lkYWwgZ2xvYnVsYXIgY2EjMUEyNzM3LnBkZgAADgBwADcATQBvAG4AbwBpAGQAYQBsACAAZwBsAG8AYgB1AGwAYQByACAAYwBhAHQAZQBnAG8AcgBpAGUAcwAgAGEAcwAgAG4AYQB0AHUAcgBhAGwAIABlAG4AdgBpAHIAbwBuAG0AZQBuAHQALgBwAGQAZgAPABoADABNAGEAYwBpAG4AdABvAHMAaAAgAEgARAASAFpVc2Vycy9veHIvRG9jdW1lbnRzL1BhcGVycy9CYXRhbmluL01vbm9pZGFsIGdsb2J1bGFyIGNhdGVnb3JpZXMgYXMgbmF0dXJhbCBlbnZpcm9ubWVudC5wZGYAEwABLwAAFQACAAr//wAAgAXSHB0eH1gkY2xhc3Nlc1okY2xhc3NuYW1lox8gIV1OU011dGFibGVEYXRhVk5TRGF0YVhOU09iamVjdF8QXC4uLy4uLy4uLy4uL0RvY3VtZW50cy9QYXBlcnMvQmF0YW5pbi9Nb25vaWRhbCBnbG9idWxhciBjYXRlZ29yaWVzIGFzIG5hdHVyYWwgZW52aXJvbm1lbnQucGRm0hwdJCWiJSFcTlNEaWN0aW9uYXJ5EgABhqBfEA9OU0tleWVkQXJjaGl2ZXIACAARABYAHwAoADIANQA6ADwARQBLAFIAXQBlAGwAbwBxAHMAdgB4AHoAfACGAJMAmACgAsoCzALRAtoC5QLpAvcC/gMHA2YDawNuA3sDgAAAAAAAAAIBAAAAAAAAACgAAAAAAAAAAAAAAAAAAAOS}}

@inproceedings{altenkirch99:extensional-equality,
	Author = {Thorsten Altenkirch},
	Booktitle = {14th Symposium on Logic in Computer Science},
	Date-Added = {2012-01-07 19:08:57 +0000},
	Date-Modified = {2012-01-07 19:08:57 +0000},
	Pages = {412 -- 420},
	Title = {Extensional Equality in Intensional Type Theory},
	Year = {1999},
	Bdsk-File-1 = {YnBsaXN0MDDUAQIDBAUIJidUJHRvcFgkb2JqZWN0c1gkdmVyc2lvblkkYXJjaGl2ZXLRBgdUcm9vdIABqAkKFRYXGyIjVSRudWxs0wsMDQ4RFFpOUy5vYmplY3RzV05TLmtleXNWJGNsYXNzog8QgASABqISE4ACgAOAB1lhbGlhc0RhdGFccmVsYXRpdmVQYXRo0hgNGRpXTlMuZGF0YU8RAiIAAAAAAiIAAgAADE1hY2ludG9zaCBIRAAAAAAAAAAAAAAAAAAAAMfUpeFIKwAAADQ6Ph9FeHRlbnNpb25hbCBFcXVhbGl0eSMzRkQ1NzQucGRmAAAAAAAAAAAAAAAAAAAAAAAAAAAAAAAAAAAAAAAAAAAAP9V0yP3CkAAAAAAAAAAAAAQABAAACSAAAAAAAAAAAAAAAAAAAAAKQWx0ZW5raXJjaAAQAAgAAMfUl9EAAAARAAgAAMj9wpAAAAABABQANDo+ABoIFgAIS5cACEuKAACS8wACAFJNYWNpbnRvc2ggSEQ6VXNlcnM6b3hyOkRvY3VtZW50czpQYXBlcnM6QWx0ZW5raXJjaDpFeHRlbnNpb25hbCBFcXVhbGl0eSMzRkQ1NzQucGRmAA4AaAAzAEUAeAB0AGUAbgBzAGkAbwBuAGEAbAAgAEUAcQB1AGEAbABpAHQAeQAgAGkAbgAgAEkAbgB0AGUAbgBzAGkAbwBuAGEAbAAgAFQAeQBwAGUAIABUAGgAZQBvAHIAeQAuAHAAZABmAA8AGgAMAE0AYQBjAGkAbgB0AG8AcwBoACAASABEABIAWVVzZXJzL294ci9Eb2N1bWVudHMvUGFwZXJzL0FsdGVua2lyY2gvRXh0ZW5zaW9uYWwgRXF1YWxpdHkgaW4gSW50ZW5zaW9uYWwgVHlwZSBUaGVvcnkucGRmAAATAAEvAAAVAAIACv//AACABdIcHR4fWCRjbGFzc2VzWiRjbGFzc25hbWWjHyAhXU5TTXV0YWJsZURhdGFWTlNEYXRhWE5TT2JqZWN0XxBbLi4vLi4vLi4vLi4vRG9jdW1lbnRzL1BhcGVycy9BbHRlbmtpcmNoL0V4dGVuc2lvbmFsIEVxdWFsaXR5IGluIEludGVuc2lvbmFsIFR5cGUgVGhlb3J5LnBkZtIcHSQloiUhXE5TRGljdGlvbmFyeRIAAYagXxAPTlNLZXllZEFyY2hpdmVyAAgAEQAWAB8AKAAyADUAOgA8AEUASwBSAF0AZQBsAG8AcQBzAHYAeAB6AHwAhgCTAJgAoALGAsgCzQLWAuEC5QLzAvoDAwNhA2YDaQN2A3sAAAAAAAACAQAAAAAAAAAoAAAAAAAAAAAAAAAAAAADjQ==}}

@inproceedings{altenkirch07:observational-equality,
	Address = {New York, NY, USA},
	Author = {Thorsten Altenkirch and Conor McBride and Wouter Swierstra},
	Booktitle = {PLPV '07: Proceedings of the 2007 workshop on Programming languages meets program verification},
	Date-Added = {2012-01-07 19:08:57 +0000},
	Date-Modified = {2012-01-07 19:08:57 +0000},
	Doi = {http://doi.acm.org/10.1145/1292597.1292608},
	Isbn = {978-1-59593-677-6},
	Location = {Freiburg, Germany},
	Pages = {57--68},
	Publisher = {ACM},
	Title = {Observational equality, now!},
	Year = {2007},
	Bdsk-File-1 = {YnBsaXN0MDDUAQIDBAUIJidUJHRvcFgkb2JqZWN0c1gkdmVyc2lvblkkYXJjaGl2ZXLRBgdUcm9vdIABqAkKFRYXGyIjVSRudWxs0wsMDQ4RFFpOUy5vYmplY3RzV05TLmtleXNWJGNsYXNzog8QgASABqISE4ACgAOAB1lhbGlhc0RhdGFccmVsYXRpdmVQYXRo0hgNGRpXTlMuZGF0YU8RAegAAAAAAegAAgAADE1hY2ludG9zaCBIRAAAAAAAAAAAAAAAAAAAAMfUpeFIKwAAADQ6Ph9PYnNlcnZhdGlvbmFsIGVxdWFsaSMzRkQ1NDQucGRmAAAAAAAAAAAAAAAAAAAAAAAAAAAAAAAAAAAAAAAAAAAAP9VEyP3CKgAAAAAAAAAAAAQABAAACSAAAAAAAAAAAAAAAAAAAAAKQWx0ZW5raXJjaAAQAAgAAMfUl9EAAAARAAgAAMj9wioAAAABABQANDo+ABoIFgAIS5cACEuKAACS8wACAFJNYWNpbnRvc2ggSEQ6VXNlcnM6b3hyOkRvY3VtZW50czpQYXBlcnM6QWx0ZW5raXJjaDpPYnNlcnZhdGlvbmFsIGVxdWFsaSMzRkQ1NDQucGRmAA4AQgAgAE8AYgBzAGUAcgB2AGEAdABpAG8AbgBhAGwAIABlAHEAdQBhAGwAaQB0AHkALAAgAG4AbwB3ACEALgBwAGQAZgAPABoADABNAGEAYwBpAG4AdABvAHMAaAAgAEgARAASAEZVc2Vycy9veHIvRG9jdW1lbnRzL1BhcGVycy9BbHRlbmtpcmNoL09ic2VydmF0aW9uYWwgZXF1YWxpdHksIG5vdyEucGRmABMAAS8AABUAAgAK//8AAIAF0hwdHh9YJGNsYXNzZXNaJGNsYXNzbmFtZaMfICFdTlNNdXRhYmxlRGF0YVZOU0RhdGFYTlNPYmplY3RfEEguLi8uLi8uLi8uLi9Eb2N1bWVudHMvUGFwZXJzL0FsdGVua2lyY2gvT2JzZXJ2YXRpb25hbCBlcXVhbGl0eSwgbm93IS5wZGbSHB0kJaIlIVxOU0RpY3Rpb25hcnkSAAGGoF8QD05TS2V5ZWRBcmNoaXZlcgAIABEAFgAfACgAMgA1ADoAPABFAEsAUgBdAGUAbABvAHEAcwB2AHgAegB8AIYAkwCYAKACjAKOApMCnAKnAqsCuQLAAskDFAMZAxwDKQMuAAAAAAAAAgEAAAAAAAAAKAAAAAAAAAAAAAAAAAAAA0A=},
	Bdsk-Url-1 = {http://doi.acm.org/10.1145/1292597.1292608}}

@techreport{palmgren09:setoids,
	Author = {Erik Palmgren},
	Date-Added = {2012-01-07 19:06:17 +0000},
	Date-Modified = {2012-01-07 19:06:17 +0000},
	Institution = {Institut Mittag-Leffler},
	Keywords = {Martin-L{\"o}f type theory, identity types, tt},
	Number = {36},
	Title = {Remarks on the relation between families of setoids and identity in type theory},
	Year = {2009/2010},
	Bdsk-File-1 = {YnBsaXN0MDDUAQIDBAUIJidUJHRvcFgkb2JqZWN0c1gkdmVyc2lvblkkYXJjaGl2ZXLRBgdUcm9vdIABqAkKFRYXGyIjVSRudWxs0wsMDQ4RFFpOUy5vYmplY3RzV05TLmtleXNWJGNsYXNzog8QgASABqISE4ACgAOAB1lhbGlhc0RhdGFccmVsYXRpdmVQYXRo0hgNGRpXTlMuZGF0YU8RAigAAAAAAigAAgAADE1hY2ludG9zaCBIRAAAAAAAAAAAAAAAAAAAAMfUpeFIKwAAAElORR9SZW1hcmtzIG9uIHRoZSByZWxhdCM0OTRENDIucGRmAAAAAAAAAAAAAAAAAAAAAAAAAAAAAAAAAAAAAAAAAAAASU1CyRqxJwAAAAAAAAAAAAQABAAACSAAAAAAAAAAAAAAAAAAAAAIUGFsbWdyZW4AEAAIAADH1JfRAAAAEQAIAADJGrEnAAAAAQAUAElORQAaCBYACEuXAAhLigAAkvMAAgBQTWFjaW50b3NoIEhEOlVzZXJzOm94cjpEb2N1bWVudHM6UGFwZXJzOlBhbG1ncmVuOlJlbWFya3Mgb24gdGhlIHJlbGF0IzQ5NEQ0Mi5wZGYADgBwADcAUgBlAG0AYQByAGsAcwAgAG8AbgAgAHQAaABlACAAcgBlAGwAYQB0AGkAbwBuACAAYgBlAHQAdwBlAGUAbgAgAGYAYQBtAGkAbABpAGUAcwAgAG8AZgAgAHMAZQB0AG8AaQBkAHMALgBwAGQAZgAPABoADABNAGEAYwBpAG4AdABvAHMAaAAgAEgARAASAFtVc2Vycy9veHIvRG9jdW1lbnRzL1BhcGVycy9QYWxtZ3Jlbi9SZW1hcmtzIG9uIHRoZSByZWxhdGlvbiBiZXR3ZWVuIGZhbWlsaWVzIG9mIHNldG9pZHMucGRmAAATAAEvAAAVAAIACv//AACABdIcHR4fWCRjbGFzc2VzWiRjbGFzc25hbWWjHyAhXU5TTXV0YWJsZURhdGFWTlNEYXRhWE5TT2JqZWN0XxBdLi4vLi4vLi4vLi4vRG9jdW1lbnRzL1BhcGVycy9QYWxtZ3Jlbi9SZW1hcmtzIG9uIHRoZSByZWxhdGlvbiBiZXR3ZWVuIGZhbWlsaWVzIG9mIHNldG9pZHMucGRm0hwdJCWiJSFcTlNEaWN0aW9uYXJ5EgABhqBfEA9OU0tleWVkQXJjaGl2ZXIACAARABYAHwAoADIANQA6ADwARQBLAFIAXQBlAGwAbwBxAHMAdgB4AHoAfACGAJMAmACgAswCzgLTAtwC5wLrAvkDAAMJA2kDbgNxA34DgwAAAAAAAAIBAAAAAAAAACgAAAAAAAAAAAAAAAAAAAOV}}

@incollection{hofmann98:the-groupoid-interpretation,
	Address = {New York},
	Author = {Hofmann, Martin and Streicher, Thomas},
	Booktitle = {Twenty-five years of constructive type theory ({V}enice, 1995)},
	Date-Added = {2012-01-07 19:06:04 +0000},
	Date-Modified = {2012-01-07 19:06:04 +0000},
	Mrclass = {03B15 (68N15 68Q55)},
	Mrnumber = {1686862},
	Pages = {83--111},
	Publisher = {Oxford Univ. Press},
	Series = {Oxford Logic Guides},
	Title = {The groupoid interpretation of type theory},
	Volume = {36},
	Year = {1998},
	Bdsk-File-1 = {YnBsaXN0MDDUAQIDBAUIJidUJHRvcFgkb2JqZWN0c1gkdmVyc2lvblkkYXJjaGl2ZXLRBgdUcm9vdIABqAkKFRYXGyIjVSRudWxs0wsMDQ4RFFpOUy5vYmplY3RzV05TLmtleXNWJGNsYXNzog8QgASABqISE4ACgAOAB1lhbGlhc0RhdGFccmVsYXRpdmVQYXRo0hgNGRpXTlMuZGF0YU8RAggAAAAAAggAAgAADE1hY2ludG9zaCBIRAAAAAAAAAAAAAAAAAAAAMfUpeFIKwAAALZ4sB9UaGUgZ3JvdXBvaWQgaW50ZXJwcmUjNDlBNDI5LnBzAAAAAAAAAAAAAAAAAAAAAAAAAAAAAAAAAAAAAAAAAAAASaQpuLUdjwAAAAAAAAAAAAQABAAACSAAAAAAAAAAAAAAAAAAAAAHSG9mbWFubgAAEAAIAADH1JfRAAAAEQAIAAC4tR2PAAAAAQAUALZ4sAAaCBYACEuXAAhLigAAkvMAAgBPTWFjaW50b3NoIEhEOlVzZXJzOm94cjpEb2N1bWVudHM6UGFwZXJzOkhvZm1hbm46VGhlIGdyb3Vwb2lkIGludGVycHJlIzQ5QTQyOS5wcwAADgBcAC0AVABoAGUAIABnAHIAbwB1AHAAbwBpAGQAIABpAG4AdABlAHIAcAByAGUAdABhAHQAaQBvAG4AIABvAGYAIAB0AHkAcABlACAAdABoAGUAbwByAHkALgBwAHMADwAaAAwATQBhAGMAaQBuAHQAbwBzAGgAIABIAEQAEgBQVXNlcnMvb3hyL0RvY3VtZW50cy9QYXBlcnMvSG9mbWFubi9UaGUgZ3JvdXBvaWQgaW50ZXJwcmV0YXRpb24gb2YgdHlwZSB0aGVvcnkucHMAEwABLwAAFQACAAr//wAAgAXSHB0eH1gkY2xhc3Nlc1okY2xhc3NuYW1lox8gIV1OU011dGFibGVEYXRhVk5TRGF0YVhOU09iamVjdF8QUi4uLy4uLy4uLy4uL0RvY3VtZW50cy9QYXBlcnMvSG9mbWFubi9UaGUgZ3JvdXBvaWQgaW50ZXJwcmV0YXRpb24gb2YgdHlwZSB0aGVvcnkucHPSHB0kJaIlIVxOU0RpY3Rpb25hcnkSAAGGoF8QD05TS2V5ZWRBcmNoaXZlcgAIABEAFgAfACgAMgA1ADoAPABFAEsAUgBdAGUAbABvAHEAcwB2AHgAegB8AIYAkwCYAKACrAKuArMCvALHAssC2QLgAukDPgNDA0YDUwNYAAAAAAAAAgEAAAAAAAAAKAAAAAAAAAAAAAAAAAAAA2o=}}

@article{lumsdaine10:weak-o-categories,
	Author = {Peter Lefanu Lumsdaine},
	Date-Added = {2012-01-07 19:02:44 +0000},
	Date-Modified = {2012-01-07 19:02:44 +0000},
	Journal = {Logical Methods in Computer Science},
	Keywords = {omega, homotopy-type-theory},
	Pages = {1--19},
	Title = {Weak Ï‰-Categories from Intensional Type Theory},
	Volume = {6},
	Year = {2010},
	Bdsk-File-1 = {YnBsaXN0MDDUAQIDBAUIJidUJHRvcFgkb2JqZWN0c1gkdmVyc2lvblkkYXJjaGl2ZXLRBgdUcm9vdIABqAkKFRYXGyIjVSRudWxs0wsMDQ4RFFpOUy5vYmplY3RzV05TLmtleXNWJGNsYXNzog8QgASABqISE4ACgAOAB1lhbGlhc0RhdGFccmVsYXRpdmVQYXRo0hgNGRpXTlMuZGF0YU8RAggAAAAAAggAAgAADE1hY2ludG9zaCBIRAAAAAAAAAAAAAAAAAAAAMfUpeFIKwAAADscRh9XZWFrIG9tZWdhLUNhdGVnb3JpZXMgZnIjM0IxQzNEAAAAAAAAAAAAAAAAAAAAAAAAAAAAAAAAAAAAAAAAAAAAOxw9yOnO1gAAAAAAAAAAAAQABAAACSAAAAAAAAAAAAAAAAAAAAAJTHVtc2RhaW5lAAAQAAgAAMfUl9EAAAARAAgAAMjpwMYAAAABABQAOxxGABoIFgAIS5cACEuKAACS8wACAFFNYWNpbnRvc2ggSEQ6VXNlcnM6b3hyOkRvY3VtZW50czpQYXBlcnM6THVtc2RhaW5lOldlYWsgb21lZ2EtQ2F0ZWdvcmllcyBmciMzQjFDM0QAAA4AWAArAFcAZQBhAGsAIABvAG0AZQBnAGEALQBDAGEAdABlAGcAbwByAGkAZQBzACAAZgByAG8AbQAgAEkAbgB0AGUAbgBzAGkAbwBuAGEAbAAgAFQAeQBwAGUADwAaAAwATQBhAGMAaQBuAHQAbwBzAGgAIABIAEQAEgBQVXNlcnMvb3hyL0RvY3VtZW50cy9QYXBlcnMvTHVtc2RhaW5lL1dlYWsgb21lZ2EtQ2F0ZWdvcmllcyBmcm9tIEludGVuc2lvbmFsIFR5cGUAEwABLwAAFQACAAr//wAAgAXSHB0eH1gkY2xhc3Nlc1okY2xhc3NuYW1lox8gIV1OU011dGFibGVEYXRhVk5TRGF0YVhOU09iamVjdF8QUi4uLy4uLy4uLy4uL0RvY3VtZW50cy9QYXBlcnMvTHVtc2RhaW5lL1dlYWsgb21lZ2EtQ2F0ZWdvcmllcyBmcm9tIEludGVuc2lvbmFsIFR5cGXSHB0kJaIlIVxOU0RpY3Rpb25hcnkSAAGGoF8QD05TS2V5ZWRBcmNoaXZlcgAIABEAFgAfACgAMgA1ADoAPABFAEsAUgBdAGUAbABvAHEAcwB2AHgAegB8AIYAkwCYAKACrAKuArMCvALHAssC2QLgAukDPgNDA0YDUwNYAAAAAAAAAgEAAAAAAAAAKAAAAAAAAAAAAAAAAAAAA2o=}}

@article{street87:simplexes,
	Author = {Ross Street},
	Date-Added = {2012-01-07 19:00:57 +0000},
	Date-Modified = {2012-01-07 19:00:57 +0000},
	Doi = {DOI: 10.1016/0022-4049(87)90137-X},
	Issn = {0022-4049},
	Journal = {Journal of Pure and Applied Algebra},
	Number = {3},
	Pages = {283 - 335},
	Title = {The algebra of oriented simplexes},
	Url = {http://www.sciencedirect.com/science/article/B6V0K-4968W19-19/2/dff85928ba6ad1ddd6f4d74f6756de80},
	Volume = {49},
	Year = {1987},
	Bdsk-File-1 = {YnBsaXN0MDDUAQIDBAUIJidUJHRvcFgkb2JqZWN0c1gkdmVyc2lvblkkYXJjaGl2ZXLRBgdUcm9vdIABqAkKFRYXGyIjVSRudWxs0wsMDQ4RFFpOUy5vYmplY3RzV05TLmtleXNWJGNsYXNzog8QgASABqISE4ACgAOAB1lhbGlhc0RhdGFccmVsYXRpdmVQYXRo0hgNGRpXTlMuZGF0YU8RAewAAAAAAewAAgAADE1hY2ludG9zaCBIRAAAAAAAAAAAAAAAAAAAAMfUpeFIKwAAADlFcB9UaGUgYWxnZWJyYSBvZiBvcmllbiM4ODMwNjMucGRmAAAAAAAAAAAAAAAAAAAAAAAAAAAAAAAAAAAAAAAAAAAAiDBjyY09BgAAAAAAAAAAAAQABAAACSAAAAAAAAAAAAAAAAAAAAAGU3RyZWV0ABAACAAAx9SX0QAAABEACAAAyY09BgAAAAEAFAA5RXAAGggWAAhLlwAIS4oAAJLzAAIATk1hY2ludG9zaCBIRDpVc2VyczpveHI6RG9jdW1lbnRzOlBhcGVyczpTdHJlZXQ6VGhlIGFsZ2VicmEgb2Ygb3JpZW4jODgzMDYzLnBkZgAOAEwAJQBUAGgAZQAgAGEAbABnAGUAYgByAGEAIABvAGYAIABvAHIAaQBlAG4AdABlAGQAIABzAGkAbQBwAGwAZQB4AGUAcwAuAHAAZABmAA8AGgAMAE0AYQBjAGkAbgB0AG8AcwBoACAASABEABIAR1VzZXJzL294ci9Eb2N1bWVudHMvUGFwZXJzL1N0cmVldC9UaGUgYWxnZWJyYSBvZiBvcmllbnRlZCBzaW1wbGV4ZXMucGRmAAATAAEvAAAVAAIACv//AACABdIcHR4fWCRjbGFzc2VzWiRjbGFzc25hbWWjHyAhXU5TTXV0YWJsZURhdGFWTlNEYXRhWE5TT2JqZWN0XxBJLi4vLi4vLi4vLi4vRG9jdW1lbnRzL1BhcGVycy9TdHJlZXQvVGhlIGFsZ2VicmEgb2Ygb3JpZW50ZWQgc2ltcGxleGVzLnBkZtIcHSQloiUhXE5TRGljdGlvbmFyeRIAAYagXxAPTlNLZXllZEFyY2hpdmVyAAgAEQAWAB8AKAAyADUAOgA8AEUASwBSAF0AZQBsAG8AcQBzAHYAeAB6AHwAhgCTAJgAoAKQApIClwKgAqsCrwK9AsQCzQMZAx4DIQMuAzMAAAAAAAACAQAAAAAAAAAoAAAAAAAAAAAAAAAAAAADRQ==},
	Bdsk-Url-1 = {http://www.sciencedirect.com/science/article/B6V0K-4968W19-19/2/dff85928ba6ad1ddd6f4d74f6756de80}}

@misc{voevodsky10:the-equivalence,
	Author = {Vladimir Voevodsky},
	Date-Added = {2012-01-07 18:59:28 +0000},
	Date-Modified = {2012-01-07 18:59:28 +0000},
	Howpublished = {Talk at CMU},
	Keywords = {tt univalence homotopy-type-theory},
	Month = {February},
	Title = {The equivalence axiom and univalent models of type theory},
	Year = {2010},
	Bdsk-File-1 = {YnBsaXN0MDDUAQIDBAUIJidUJHRvcFgkb2JqZWN0c1gkdmVyc2lvblkkYXJjaGl2ZXLRBgdUcm9vdIABqAkKFRYXGyIjVSRudWxs0wsMDQ4RFFpOUy5vYmplY3RzV05TLmtleXNWJGNsYXNzog8QgASABqISE4ACgAOAB1lhbGlhc0RhdGFccmVsYXRpdmVQYXRo0hgNGRpXTlMuZGF0YU8RAioAAAAAAioAAgAADE1hY2ludG9zaCBIRAAAAAAAAAAAAAAAAAAAAMfUpeFIKwAAAD/V5B9UaGUgZXF1aXZhbGVuY2UgYXhpbyMzRkQ1RDYucGRmAAAAAAAAAAAAAAAAAAAAAAAAAAAAAAAAAAAAAAAAAAAAP9XWyP3DogAAAAAAAAAAAAQABAAACSAAAAAAAAAAAAAAAAAAAAAJVm9ldm9kc2t5AAAQAAgAAMfUl9EAAAARAAgAAMj9w6IAAAABABQAP9XkABoIFgAIS5cACEuKAACS8wACAFFNYWNpbnRvc2ggSEQ6VXNlcnM6b3hyOkRvY3VtZW50czpQYXBlcnM6Vm9ldm9kc2t5OlRoZSBlcXVpdmFsZW5jZSBheGlvIzNGRDVENi5wZGYAAA4AbgA2AFQAaABlACAAZQBxAHUAaQB2AGEAbABlAG4AYwBlACAAYQB4AGkAbwBtACAAYQBuAGQAIAB1AG4AaQB2AGEAbABlAG4AdAAgAG0AbwBkAGUAbABzACAAbwBmACAAdAB5AHAAZQAuAHAAZABmAA8AGgAMAE0AYQBjAGkAbgB0AG8AcwBoACAASABEABIAW1VzZXJzL294ci9Eb2N1bWVudHMvUGFwZXJzL1ZvZXZvZHNreS9UaGUgZXF1aXZhbGVuY2UgYXhpb20gYW5kIHVuaXZhbGVudCBtb2RlbHMgb2YgdHlwZS5wZGYAABMAAS8AABUAAgAK//8AAIAF0hwdHh9YJGNsYXNzZXNaJGNsYXNzbmFtZaMfICFdTlNNdXRhYmxlRGF0YVZOU0RhdGFYTlNPYmplY3RfEF0uLi8uLi8uLi8uLi9Eb2N1bWVudHMvUGFwZXJzL1ZvZXZvZHNreS9UaGUgZXF1aXZhbGVuY2UgYXhpb20gYW5kIHVuaXZhbGVudCBtb2RlbHMgb2YgdHlwZS5wZGbSHB0kJaIlIVxOU0RpY3Rpb25hcnkSAAGGoF8QD05TS2V5ZWRBcmNoaXZlcgAIABEAFgAfACgAMgA1ADoAPABFAEsAUgBdAGUAbABvAHEAcwB2AHgAegB8AIYAkwCYAKACzgLQAtUC3gLpAu0C+wMCAwsDawNwA3MDgAOFAAAAAAAAAgEAAAAAAAAAKAAAAAAAAAAAAAAAAAAAA5c=}}
